[gd_scene load_steps=3 format=2]

[ext_resource path="res://Main.gd" type="Script" id=1]
[ext_resource path="res://theme.tres" type="Theme" id=2]

[node name="Main" type="Node2D"]
script = ExtResource( 1 )

[node name="Bg" type="ColorRect" parent="."]
margin_right = 1920.0
margin_bottom = 1080.0
theme = ExtResource( 2 )
color = Color( 0.027451, 0.490196, 0.568627, 1 )
__meta__ = {
"_edit_use_anchors_": false
}

[node name="GridContainer" type="GridContainer" parent="Bg"]
margin_left = 8.0
margin_top = 56.0
margin_right = 1912.0
margin_bottom = 1072.0
columns = 6
__meta__ = {
"_edit_use_anchors_": false
}

[node name="Form" type="HBoxContainer" parent="Bg"]
margin_left = 14.0
margin_top = 8.0
margin_right = 1912.0
margin_bottom = 49.0
alignment = 1
__meta__ = {
"_edit_use_anchors_": false
}

[node name="Label" type="Label" parent="Bg/Form"]
margin_left = 305.0
margin_top = 4.0
margin_right = 365.0
margin_bottom = 37.0
text = "Ease:"

[node name="Easing" type="OptionButton" parent="Bg/Form"]
margin_left = 369.0
margin_right = 474.0
margin_bottom = 41.0
rect_min_size = Vector2( 105, 0 )
text = "Easing"

[node name="VSeparator" type="VSeparator" parent="Bg/Form"]
margin_left = 478.0
margin_right = 482.0
margin_bottom = 41.0

[node name="Label2" type="Label" parent="Bg/Form"]
margin_left = 486.0
margin_top = 4.0
margin_right = 586.0
margin_bottom = 37.0
text = "Duration:"

[node name="CenterContainer" type="CenterContainer" parent="Bg/Form"]
margin_left = 590.0
margin_right = 846.0
margin_bottom = 41.0

[node name="DurationSlider" type="HSlider" parent="Bg/Form/CenterContainer"]
margin_top = 12.0
margin_right = 256.0
margin_bottom = 28.0
rect_min_size = Vector2( 256, 0 )
min_value = 1.0
max_value = 10.0
step = 0.5
value = 3.0

[node name="DurationLabel" type="Label" parent="Bg/Form"]
margin_left = 850.0
margin_top = 4.0
margin_right = 900.0
margin_bottom = 37.0
rect_min_size = Vector2( 50, 0 )
text = "6.9s"
valign = 1
__meta__ = {
"_edit_use_anchors_": false
}

[node name="VSeparator7" type="VSeparator" parent="Bg/Form"]
margin_left = 904.0
margin_right = 908.0
margin_bottom = 41.0

[node name="InvertCheckBox" type="CheckBox" parent="Bg/Form"]
margin_left = 912.0
margin_right = 1005.0
margin_bottom = 41.0
hint_tooltip = "Swap start and end value of transition"
text = "invert"

[node name="VSeparator6" type="VSeparator" parent="Bg/Form"]
margin_left = 1009.0
margin_right = 1013.0
margin_bottom = 41.0

[node name="AndBackCheckBox" type="CheckBox" parent="Bg/Form"]
margin_left = 1017.0
margin_right = 1118.0
margin_bottom = 41.0
hint_tooltip = "Forth and back"
text = "& back"

[node name="VSeparator2" type="VSeparator" parent="Bg/Form"]
margin_left = 1122.0
margin_right = 1126.0
margin_bottom = 41.0

[node name="ResetTilesButton" type="Button" parent="Bg/Form"]
margin_left = 1130.0
margin_right = 1263.0
margin_bottom = 41.0
text = "Reset tiles"

[node name="VSeparator3" type="VSeparator" parent="Bg/Form"]
margin_left = 1267.0
margin_right = 1271.0
margin_bottom = 41.0

[node name="FpsLabel" type="Label" parent="Bg/Form"]
margin_left = 1275.0
margin_top = 4.0
margin_right = 1325.0
margin_bottom = 37.0
rect_min_size = Vector2( 50, 0 )
hint_tooltip = "FPS"
mouse_filter = 1
text = "469"
align = 1
__meta__ = {
"_edit_use_anchors_": false
}

[node name="VSeparator4" type="VSeparator" parent="Bg/Form"]
margin_left = 1329.0
margin_right = 1333.0
margin_bottom = 41.0

[node name="VsyncCheckBox" type="CheckBox" parent="Bg/Form"]
margin_left = 1337.0
margin_right = 1429.0
margin_bottom = 41.0
text = "vsync"

[node name="VSeparator5" type="VSeparator" parent="Bg/Form"]
margin_left = 1433.0
margin_right = 1437.0
margin_bottom = 41.0

[node name="CenterContainer3" type="CenterContainer" parent="Bg/Form"]
margin_left = 1441.0
margin_right = 1492.0
margin_bottom = 41.0

[node name="TweenDocsButton" type="LinkButton" parent="Bg/Form/CenterContainer3"]
margin_top = 4.0
margin_right = 51.0
margin_bottom = 37.0
hint_tooltip = "Open Godot Tween documentation in browser"
text = "docs"

[node name="VSeparator9" type="VSeparator" parent="Bg/Form"]
margin_left = 1496.0
margin_right = 1500.0
margin_bottom = 41.0

[node name="Label3" type="Label" parent="Bg/Form"]
margin_left = 1504.0
margin_top = 4.0
margin_right = 1547.0
margin_bottom = 37.0
hint_tooltip = "Created by monnef
2020 AGPL3"
mouse_filter = 1
text = "v1.2"
align = 1
valign = 1

[node name="VSeparator8" type="VSeparator" parent="Bg/Form"]
margin_left = 1551.0
margin_right = 1555.0
margin_bottom = 41.0

[node name="CenterContainer2" type="CenterContainer" parent="Bg/Form"]
margin_left = 1559.0
margin_right = 1593.0
margin_bottom = 41.0

[node name="SrcButton" type="LinkButton" parent="Bg/Form/CenterContainer2"]
margin_top = 4.0
margin_right = 34.0
margin_bottom = 37.0
hint_tooltip = "Open project page in browser"
text = "src"
[connection signal="item_selected" from="Bg/Form/Easing" to="." method="_on_Easing_item_selected"]
[connection signal="value_changed" from="Bg/Form/CenterContainer/DurationSlider" to="." method="_on_DurationSlider_value_changed"]
[connection signal="pressed" from="Bg/Form/InvertCheckBox" to="." method="_on_InvertCheckBox_pressed"]
[connection signal="pressed" from="Bg/Form/AndBackCheckBox" to="." method="_on_AndBackCheckBox_pressed"]
[connection signal="pressed" from="Bg/Form/ResetTilesButton" to="." method="_on_ResetTilesButton_pressed"]
[connection signal="pressed" from="Bg/Form/VsyncCheckBox" to="." method="_on_VsyncCheckBox_pressed"]
[connection signal="pressed" from="Bg/Form/CenterContainer3/TweenDocsButton" to="." method="_on_TweenDocsButton_pressed"]
[connection signal="pressed" from="Bg/Form/CenterContainer2/SrcButton" to="." method="_on_SrcButton_pressed"]
